<record><leader>00000cas a22000007a 4500</leader><controlfield tag="001">34729180</controlfield><controlfield tag="008">960514d18661971nyuwr ne      0    0eng d</controlfield><datafield ind1=" " ind2=" " tag="010"><subfield code="a">sn 96083521 </subfield></datafield><datafield ind1=" " ind2=" " tag="040"><subfield code="a">NYS</subfield><subfield code="b">eng</subfield><subfield code="c">NYS</subfield><subfield code="d">OCLCQ</subfield><subfield code="d">OCLCF</subfield><subfield code="d">OCLCO</subfield></datafield><datafield ind1="1" ind2=" " tag="029"><subfield code="a">AU@</subfield><subfield code="b">000012525293</subfield></datafield><datafield ind1=" " ind2=" " tag="042"><subfield code="a">msc</subfield></datafield><datafield ind1=" " ind2=" " tag="043"><subfield code="a">n-us-ny</subfield></datafield><datafield ind1="0" ind2=" " tag="130"><subfield code="a">Republican watchman (Monticello, N.Y. : 1866)</subfield></datafield><datafield ind1="1" ind2="0" tag="245"><subfield code="a">Republican watchman.</subfield></datafield><datafield ind1="1" ind2=" " tag="246"><subfield code="i">Published as:</subfield><subfield code="a">Republican watchman, combined with the Bulletin-sentinel</subfield><subfield code="f">July 31, 1969</subfield></datafield><datafield ind1=" " ind2=" " tag="260"><subfield code="a">Monticello, N.Y. :</subfield><subfield code="b">George Beebe,</subfield><subfield code="c">-1971.</subfield></datafield><datafield ind1=" " ind2=" " tag="300"><subfield code="a">v.</subfield></datafield><datafield ind1=" " ind2=" " tag="310"><subfield code="a">Weekly</subfield></datafield><datafield ind1="0" ind2=" " tag="362"><subfield code="a">-v. 145, no. 14 (Jan. 14, 1971) = Whole no. 7510.</subfield></datafield><datafield ind1=" " ind2=" " tag="588"><subfield code="a">Description based on: Vol. 39, no. 30 (Oct. 26, 1866).</subfield></datafield><datafield ind1=" " ind2="0" tag="651"><subfield code="a">Monticello (Sullivan County, N.Y.)</subfield><subfield code="v">Newspapers.</subfield></datafield><datafield ind1=" " ind2="0" tag="651"><subfield code="a">Sullivan County (N.Y.)</subfield><subfield code="v">Newspapers.</subfield></datafield><datafield ind1=" " ind2="7" tag="655"><subfield code="a">Newspapers.</subfield><subfield code="2">fast</subfield><subfield code="0">(OCoLC)fst01423814</subfield></datafield><datafield ind1=" " ind2="7" tag="651"><subfield code="a">New York (State)</subfield><subfield code="z">Monticello (Sullivan County)</subfield><subfield code="2">fast</subfield><subfield code="0">(OCoLC)fst01313540</subfield></datafield><datafield ind1=" " ind2="7" tag="651"><subfield code="a">New York (State)</subfield><subfield code="z">Sullivan County.</subfield><subfield code="2">fast</subfield><subfield code="0">(OCoLC)fst01207504</subfield></datafield><datafield ind1=" " ind2=" " tag="752"><subfield code="a">United States</subfield><subfield code="b">New York</subfield><subfield code="c">Sullivan</subfield><subfield code="d">Monticello.</subfield></datafield><datafield ind1="0" ind2="0" tag="780"><subfield code="t">Republican watchman and Jeffersonian Democrat</subfield><subfield code="w">(DLC)sn 96083520</subfield><subfield code="w">(OCoLC)34728392</subfield></datafield><datafield ind1="0" ind2="5" tag="780"><subfield code="t">Bulletin-sentinel</subfield><subfield code="g">July 1969</subfield><subfield code="w">(DLC)sn 90066299</subfield><subfield code="w">(OCoLC)22328067</subfield></datafield><datafield ind1="0" ind2="7" tag="785"><subfield code="t">Evening news (Monticello, N.Y.)</subfield><subfield code="w">(DLC)sn 87070063</subfield><subfield code="w">(OCoLC)15989953</subfield></datafield><datafield ind1="0" ind2="7" tag="785"><subfield code="t">Republican watchman news</subfield><subfield code="w">(DLC)sn 84031310</subfield></datafield></record>